@misc{ff2,
         author =  {Cruz-Rodríguez, A. M, & Sánchez-Machet, H.},
         title = {Prótesis de mano controlada con señales EEG. MOMENTO},
         year = 2021,
         month = {Diciembre}

    }
    

@misc{ff3,
         author =  {Escalada Seminario, G. A},
         title = {Análisis cinemático y cinético de los mecanismos para una prótesis biomecánica de mano y construcción de un prototipo utilizando el proceso de estereolitografía.},
         year = 2018,
         month = {Noviembre}

    }
    
@misc{ff4,
         author =  {Brito, J., Quinde, M., Cusco, D., & Calle, J},
         title = {Estudio del estado del arte de las prótesis de mano},
         year = 2013,
         month = {Noviembre}

    }   