@misc{ff1,
         author =  {Antonio Viladot Voegeli.},
         title = {Lecciones basicas de biomecanica del aparato locomotor},
url=
{ https://books.google.es/books?hl=es&lr=&id=SQIjKjpZwY8C&oi=fnd&pg=PA3&dq=viladot+lecciones+basicas&ots=gvPEoK-w_j&sig=gSj1tQ5PJXJFph6zcd__dZdPz-U#v=onepage&q=viladot%20lecciones%20basicas&f=false},
         year = 2001,
         month = {}
    }