@misc{ff1,
         author =  {Euroinnova Business School.},
         title = {Que es la biomecánica},
url=
{ https://www.euroinnova.mx/blog/que-es-la-biomecanica},
         year = 2022,
         month = {}
    }
    
@misc{ff2,
         author =  {Dr. José Juan Pascual García  },
         title = {Rehabilitacion de la mano},
         url = {https://files.sld.cu/boletincnscs/files/2012/03/respub-jose-pascual.pdf},
     year = 2022,
         month = {}
    }
    
    @misc{ff3,
         author =  {Ravasio, A.},
         title = {Biomecánica y Fisiología Cuantitativa. Ingeniería biológica y media},
         url = {https://ingenieriabiologicaymedica.uc.cl/es/investigacion/areas-de-investigacion/biomecanica-y-fisiologia-cuantitativa}
    }
    @misc{4,
 author =  {Villa, A. C.},
         title = {Repositorio Institucional de la Universidad Politécnica Salesiana: Investigación en el área de la biomecánica retos y perspectivas en el Ecuador. Universidad Politécnica Salesiana Ecuador.},
         url = {https://dspace.ups.edu.ec/handle/123456789/11215},
     year = 2015,
         month = {Diciembre}
         }